@article{nayar1996columbia,
  title={Columbia object image library (coil 100)},
  author={Nayar, S. and Nene, S. A. and Murase, H.},
  journal={Department of Comp. Science, Columbia University, Tech. Rep. CUCS-006-96},
  year={1996}
}

@misc{lecun1998mnist,
  title={The MNIST database of handwritten digits},
  author={LeCun, Y. and Cortes, C. and Burges, C. JC},
  year={1998}
}
